@misc{cryptoeprint:2018:194,
    author = {Krzysztof Pietrzak},
    title = {Proofs of Catalytic Space},
    howpublished = {Cryptology ePrint Archive, Report 2018/194},
    year = {2018},
    note = {\url{https://eprint.iacr.org/2018/194}},
}

@misc{cryptoeprint:2018:627,
    author = {Krzysztof Pietrzak},
    title = {Simple Verifiable Delay Functions},
    howpublished = {Cryptology ePrint Archive, Report 2018/627},
    year = {2018},
    note = {\url{https://eprint.iacr.org/2018/627}},
}

@misc{cryptoeprint:2018:623,
    author = {Benjamin Wesolowski},
    title = {Efficient verifiable delay functions},
    howpublished = {Cryptology ePrint Archive, Report 2018/623},
    year = {2018},
    note = {\url{https://eprint.iacr.org/2018/623}},
}

@misc{cryptoeprint:2018:601,
    author = {Dan Boneh and Joseph Bonneau and Benedikt Bünz and Ben Fisch},
    title = {Verifiable Delay Functions},
    howpublished = {Cryptology ePrint Archive, Report 2018/601},
    year = {2018},
    note = {\url{https://eprint.iacr.org/2018/601}},
}

@misc{cryptoeprint:2015:528,
    author = {Sunoo Park and Albert Kwon and Georg Fuchsbauer and Peter Gaži and Joël Alwen and Krzysztof Pietrzak},
    title = {SpaceMint: A Cryptocurrency Based on Proofs of Space},
    howpublished = {Cryptology ePrint Archive, Report 2015/528},
    year = {2015},
    note = {\url{https://eprint.iacr.org/2015/528}},
}

@misc{cryptoeprint:2018:712,
    author = {Dan Boneh and Benedikt Bünz and Ben Fisch},
    title = {A Survey of Two Verifiable Delay Functions},
    howpublished = {Cryptology ePrint Archive, Report 2018/712},
    year = {2018},
    note = {\url{https://eprint.iacr.org/2018/712}},
}

@misc{BTC_cons,
  author    = "Justin Rowlatt",
  title     = "How Bitcoin's vast energy use could burst its bubble",
  year      = "2021",
  month     = "février",
  note      = {\url{https://www.bbc.com/news/science-environment-56215787}},
}

@misc{chia:greenpaper,
    author  = "Bram Cohen and Krzysztof Pietrzak",
    title   = "The Chia Network Blockchain",
    year    = "2019",
    note    = {\url{https://www.chia.net/greenpaper}},
}
